@article{Aghamousa:2016zmz,
      author         = "Aghamousa, Amir and others",
      title          = "{The DESI Experiment Part I: Science,Targeting, and
                        Survey Design}",
      collaboration  = "DESI",
      year           = "2016",
      eprint         = "1611.00036",
      archivePrefix  = "arXiv",
      primaryClass   = "astro-ph.IM",
      reportNumber   = "FERMILAB-PUB-16-517-AE",
      SLACcitation   = "%%CITATION = ARXIV:1611.00036;%%"
}

@article{Aghamousa:2016sne,
      author         = "Aghamousa, Amir and others",
      title          = "{The DESI Experiment Part II: Instrument Design}",
      collaboration  = "DESI",
      year           = "2016",
      eprint         = "1611.00037",
      archivePrefix  = "arXiv",
      primaryClass   = "astro-ph.IM",
      reportNumber   = "FERMILAB-PUB-16-518-AE",
      SLACcitation   = "%%CITATION = ARXIV:1611.00037;%%"
}
@book{bishop2006pattern,
  title={Pattern Recognition and Machine Learning},
  author={Bishop, C.M.},
  isbn={9780387310732},
  lccn={2006922522},
  series={Information Science and Statistics},
  url={https://books.google.com.br/books?id=kTNoQgAACAAJ},
  year={2006},
  publisher={Springer}
}
@article{Nord:2016plv,
      author         = "Nord, Brian D. and others",
      title          = "{SPOKES: an End-to-End Simulation Facility for
                        Spectroscopic Cosmological Surveys}",
      journal        = "Astron. Comput.",
      volume         = "15",
      year           = "2016",
      pages          = "1-15",
      doi            = "10.1016/j.ascom.2016.02.001",
      eprint         = "1602.01480",
      archivePrefix  = "arXiv",
      primaryClass   = "astro-ph.IM",
      reportNumber   = "FERMILAB-PUB-16-009-AE",
      SLACcitation   = "%%CITATION = ARXIV:1602.01480;%%"
}
